001  0000194
005  20180718154938.379
008  170720s||||     bl|||||||||||||||||por|u
040    $aPorto Alegre$bpor
080    $2323.14(81)$a1997
090    $a323.14(81) $bS586r
100 1  $aSilva, Martiniano José da
245 10 $aRacismo à brasileira$braízes históricas$cMartiniano José da Silva
260    $aGoiânia$bEd. O popular$c1985
300    $a310 p.
600 0  $aJefferson, Thomas
600 0  $aAssis, Machado de 
600 0  $aRomero, Silvio
600 0  $aMacedo, Joaquim Manoel de
600 0  $aAlencar, José
600 0  $aBarbosa, Ruy
600 0  $aTrajano, Galvão
600 0  $aGuerra, Gregório de Matos
600 0  $aPadre Antônio Vieira
600 0  $aLincon, Abraham
650    $aHistória social
650    $aCiência
650    $aEtnografia
650    $aMulher Negra
650    $aQuilombos
650    $aCristo Negro
650    $aRacismo
650    $aPreconceito
650    $aDiscriminação racial
650    $aIgreja
650    $aCenso Demográfico
650    $aReligião
650    $aDemocracia racial
650    $aEscravidão
650    $aLegisla
650    $aEmbranquecimento
650    $aImigração
651    $aSul-americana
651    $aNorte Americano
651    $aEUA
651    $aEstados Unidos
651    $aNordeste
651    $aBrasil
